@misc{capdevila2017patterns,
    title={Patterns of New Physics in $b\to s\ell^+\ell^-$ transitions in the light of recent data},
    author={Bernat Capdevila and Andreas Crivellin and Sébastien Descotes-Genon and Joaquim Matias and Javier Virto},
    year={2017},
    eprint={1704.05340},
    archivePrefix={arXiv},
    primaryClass={hep-ph}
}
@article{Alguer__2019,
   title={Emerging patterns of New Physics with and without Lepton Flavour Universal contributions},
   volume={79},
   ISSN={1434-6052},
   url={http://dx.doi.org/10.1140/epjc/s10052-019-7216-3},
   DOI={10.1140/epjc/s10052-019-7216-3},
   number={8},
   journal={The European Physical Journal C},
   publisher={Springer Science and Business Media LLC},
   author={Algueró, Marcel and Capdevila, Bernat and Crivellin, Andreas and Descotes-Genon, Sébastien and Masjuan, Pere and Matias, Joaquim and Virto, Javier},
   year={2019},
   month={Aug}
}
@article{Descotes_Genon_2016,
   title={Global analysis of b → sℓℓ anomalies},
   volume={2016},
   ISSN={1029-8479},
   url={http://dx.doi.org/10.1007/JHEP06(2016)092},
   DOI={10.1007/jhep06(2016)092},
   number={6},
   journal={Journal of High Energy Physics},
   publisher={Springer Science and Business Media LLC},
   author={Descotes-Genon, Sébastien and Hofer, Lars and Matias, Joaquim and Virto, Javier},
   year={2016},
   month={Jun}
}
@article{Alguero__2019,
   title={Are we overlooking lepton-flavor-universal new physics in b→sℓℓ?},
   volume={99},
   ISSN={2470-0029},
   url={http://dx.doi.org/10.1103/PhysRevD.99.075017},
   DOI={10.1103/physrevd.99.075017},
   number={7},
   journal={Physical Review D},
   publisher={American Physical Society (APS)},
   author={Algueró, Marcel and Capdevila, Bernat and Descotes-Genon, Sébastien and Masjuan, Pere and Matias, Joaquim},
   year={2019},
   month={Apr}
}
@misc{goodfellow2014generative,
      title={Generative Adversarial Networks}, 
      author={Ian J. Goodfellow and Jean Pouget-Abadie and Mehdi Mirza and Bing Xu and David Warde-Farley and Sherjil Ozair and Aaron Courville and Yoshua Bengio},
      year={2014},
      eprint={1406.2661},
      archivePrefix={arXiv},
      primaryClass={stat.ML}
}
@article{Aaij_2014,
   title={Test of Lepton Universality UsingB+→K+ℓ+ℓ−Decays},
   volume={113},
   ISSN={1079-7114},
   url={http://dx.doi.org/10.1103/PhysRevLett.113.151601},
   DOI={10.1103/physrevlett.113.151601},
   number={15},
   journal={Physical Review Letters},
   publisher={American Physical Society (APS)},
   author={Aaij, R. and Adeva, B. and Adinolfi, M. and Affolder, A. and Ajaltouni, Z. and Akar, S. and Albrecht, J. and Alessio, F. and Alexander, M. and Ali, S. and et al.},
   year={2014},
   month={Oct}
}
@article{Capdevila_2017,
   title={Hadronic uncertainties in B → K
                            ∗
                            μ
                            +
                            μ
                            −: a state-of-the-art analysis},
   volume={2017},
   ISSN={1029-8479},
   url={http://dx.doi.org/10.1007/JHEP04(2017)016},
   DOI={10.1007/jhep04(2017)016},
   number={4},
   journal={Journal of High Energy Physics},
   publisher={Springer Science and Business Media LLC},
   author={Capdevila, Bernat and Descotes-Genon, Sébastien and Hofer, Lars and Matias, Joaquim},
   year={2017},
   month={Apr}
}
